<record><leader>00000cas a22000007a 4500</leader><controlfield tag="001">29371901</controlfield><controlfield tag="008">931122d197u1983okuwr ne      0    0eng d</controlfield><datafield ind1=" " ind2=" " tag="010"><subfield code="a">sn 93066236 </subfield></datafield><datafield ind1=" " ind2=" " tag="040"><subfield code="a">OBN</subfield><subfield code="b">eng</subfield><subfield code="c">OBN</subfield><subfield code="d">OCL</subfield><subfield code="d">OCLCQ</subfield></datafield><datafield ind1=" " ind2=" " tag="042"><subfield code="a">msc</subfield></datafield><datafield ind1="0" ind2="4" tag="245"><subfield code="a">The Jay citizen.</subfield></datafield><datafield ind1="1" ind2="3" tag="246"><subfield code="a">Citizen</subfield></datafield><datafield ind1=" " ind2=" " tag="260"><subfield code="a">Jay, Delaware County, Okla. :</subfield><subfield code="b">Jay Newspaper, Washbourne and Whitehead</subfield></datafield><datafield ind1=" " ind2=" " tag="300"><subfield code="a">v.</subfield></datafield><datafield ind1=" " ind2=" " tag="310"><subfield code="a">Weekly</subfield></datafield><datafield ind1="0" ind2=" " tag="362"><subfield code="a">-v. 4, no. 14 (Apr. 7, 1983).</subfield></datafield><datafield ind1=" " ind2=" " tag="588"><subfield code="a">Description based on: Vol. 4, no. 8 (Feb. 24, 1983).</subfield></datafield><datafield ind1=" " ind2="4" tag="651"><subfield code="a">Jay (Okla.)</subfield><subfield code="v">Newspapers.</subfield></datafield><datafield ind1=" " ind2="4" tag="651"><subfield code="a">Delaware (Okla.)</subfield><subfield code="v">Newspapers.</subfield></datafield><datafield ind1=" " ind2=" " tag="752"><subfield code="a">United States</subfield><subfield code="b">Oklahoma</subfield><subfield code="c">Delaware</subfield><subfield code="d">Jay.</subfield></datafield><datafield ind1="0" ind2="0" tag="785"><subfield code="t">Citizen (Jay, Okla. : 1983)</subfield><subfield code="w">(DLC)sn 83007605</subfield><subfield code="w">(OCoLC)9468991</subfield></datafield><datafield ind1="1" ind2=" " tag="029"><subfield code="a">AU@</subfield><subfield code="b">000022802154</subfield></datafield></record>